<record><leader>00000cas a22000007a 4500</leader><controlfield tag="001">56429537</controlfield><controlfield tag="008">040907c19949999txuen ne      0   a0eng c</controlfield><datafield ind1=" " ind2=" " tag="010"><subfield code="a">  2004215664</subfield></datafield><datafield ind1=" " ind2=" " tag="040"><subfield code="a">NSD</subfield><subfield code="b">eng</subfield><subfield code="c">NSD</subfield><subfield code="d">OCLCQ</subfield></datafield><datafield ind1=" " ind2=" " tag="012"><subfield code="l">1</subfield></datafield><datafield ind1="1" ind2=" " tag="022"><subfield code="a">1552-3659</subfield><subfield code="l">1552-3659</subfield><subfield code="2">1</subfield></datafield><datafield ind1=" " ind2=" " tag="037"><subfield code="b">Inside Texas Business, Inc., 2121 W. Spring Creek Pkwy, Ste. 111, Plano, TX 75023</subfield></datafield><datafield ind1=" " ind2=" " tag="042"><subfield code="a">nsdp</subfield><subfield code="a">pcc</subfield></datafield><datafield ind1=" " ind2=" " tag="043"><subfield code="a">n-us-tx</subfield></datafield><datafield ind1="1" ind2="0" tag="050"><subfield code="a">ISSN RECORD</subfield></datafield><datafield ind1=" " ind2="0" tag="222"><subfield code="a">Inside Collin County business</subfield></datafield><datafield ind1="0" ind2="0" tag="245"><subfield code="a">Inside Collin County business.</subfield></datafield><datafield ind1=" " ind2=" " tag="260"><subfield code="a">Plano, TX :</subfield><subfield code="b">Inside Texas Business</subfield></datafield><datafield ind1=" " ind2=" " tag="300"><subfield code="a">v.</subfield></datafield><datafield ind1=" " ind2=" " tag="310"><subfield code="a">Every other week</subfield></datafield><datafield ind1="1" ind2=" " tag="362"><subfield code="a">Began in 1994.</subfield></datafield><datafield ind1=" " ind2=" " tag="588"><subfield code="a">Description based on: No. 133 (June 9, 2004); title from caption.</subfield></datafield><datafield ind1=" " ind2=" " tag="752"><subfield code="a">United States</subfield><subfield code="b">Texas</subfield><subfield code="c">Plano.</subfield></datafield><datafield ind1="1" ind2=" " tag="029"><subfield code="a">AU@</subfield><subfield code="b">000026213537</subfield></datafield></record>